@thesis{speech-pattern-recognition,
	author = {Kibria, Shafkat},
	title = {Speech Recognition for Robotic Control},
	submissiondate = {2005},
	url = {http://www8.cs.umu.se/education/examina/Rapporter/ShafkatKibria.pdf},
	type = {Master's Thesis},
	institution = {Ume\aa University},
}





@inproceedings{slam-feature-extraction,
	author = "{Collier, Jack}",
	title = {{SLAM Techniques and Algorithms}},
	howpublished = {\url{http://www.computerrobotvision.org/2010/slam_camp/collier_intro.pdf}},
}
	