@inproceedings{neural-youtube,
	title	= {Deep Neural Networks for YouTube Recommendations},
	author	= {Paul Covington and Jay Adams and Emre Sargin},
	year	= {2016},
	booktitle	= {Proceedings of the 10th ACM Conference on Recommender Systems},
	address	= {New York, NY, USA}
}

@article{dl-nature,
	author  = {LeCun Y. , Bengio Y. and Hinton G.}, 
	title   = {Deep learning},
	journal = {Nature},
	year    = 2015,
	number  = 521,
	pages   = {436--442},
}

@article{chernobyl-robot,
	author  = {J. Potel},
	title   = {Trial by Fire: Teleoperated Robot Targets Chernobyl},
	journal = {IEEE Computer Graphics and Applications},
	year    = 1998,
	url		=	{https://www.computer.org/csdl/mags/cg/1998/04/mcg1998040010.pdf}
}

@INPROCEEDINGS{teleop-surgery, 
	author={P. Berkelman and Ji Ma}, 
	booktitle={2007 IEEE/RSJ International Conference on Intelligent Robots and Systems}, 
	title={The University of Hawaii teleoperated robotic surgery system}, 
	year={2007}, 
	volume={}, 
	number={}, 
	pages={2565-2566}, 
	keywords={haptic interfaces;medical robotics;surgery;telerobotics;University of Hawaii;haptic interface;minimally invasive surgery;teleoperated robotic surgery system;Endoscopes;Intelligent robots;Laparoscopes;Manipulators;Mechanical engineering;Minimally invasive surgery;Robotics and automation;Surgical instruments;Switches;USA Councils}, 
	doi={10.1109/IROS.2007.4399550}, 
	ISSN={2153-0858}, 
	month={Oct},}

@INPROCEEDINGS{teleop-vr, 
	author={A. Monferrer and D. Bonyuet}, 
	booktitle={Proceedings Sixth International Conference on Information Visualisation}, 
	title={Cooperative robot teleoperation through virtual reality interfaces}, 
	year={2002}, 
	volume={}, 
	number={}, 
	pages={243-248}, 
	keywords={cooperative systems;data visualisation;multi-robot systems;telerobotics;user interfaces;virtual reality;collaborative robot;communication reference;cooperative robot teleoperation;human machine interface;information management;information visualization;multiple teams;remote-controlled robots;six degrees of movement;underwater robot;unknown environments;user interface;virtual reality interfaces;Cameras;Humans;Intelligent robots;Orbital robotics;Robot sensing systems;Robot vision systems;Service robots;User interfaces;Virtual reality;Visualization}, 
	doi={10.1109/IV.2002.1028783}, 
	ISSN={1093-9547}, 
	month={},}

@Article{teleop-haptic,
	author={Okamura, A. M.},
	title={Methods for haptic feedback in teleoperated robot-assisted surgery},
	journal={Ind Rob},
	year={2004},
	month={Dec},
	volume={31},
	number={6},
	pages={499-508},
	note={16429611[pmid]},
	issn={0143-991X},
	doi={10.1108/01439910410566362},
	url={http://www.ncbi.nlm.nih.gov/pmc/articles/PMC1317565/}
}

@Inbook{ai-space,
	author="Girimonte, Daniela
	and Izzo, Dario",
	editor="Schuster, Alfons J.",
	title="Artificial Intelligence for Space Applications",
	bookTitle="Intelligent Computing Everywhere",
	year="2007",
	publisher="Springer London",
	address="London",
	pages="235--253",
	isbn="978-1-84628-943-9",
	doi="10.1007/978-1-84628-943-9_12",
	url="https://doi.org/10.1007/978-1-84628-943-9_12"
}

@misc{nn-history,
	title  = {Neural Networks - History},
	howpublished = {\url{https://cs.stanford.edu/people/eroberts/courses/soco/projects/neural-networks/History/history1.html}},
	author = "Roberts, Eric"
}

@Article{first-neuron,
	author={McCulloch, W. and Pitts, W.},
	title={A logical Calculus of the Ideas Immanent in nervous Activity},
	journal={Bulletin of Mathematical Biophysics},
	year={1943},
	volume={5},
	pages={115-133},
	url={http://www.cse.chalmers.se/~coquand/AUTOMATA/mcp.pdf}
}

@book{hebb,
	author = {Hebb, Donald O.},
	biburl = {https://www.bibsonomy.org/bibtex/26432ae617e6db0127c8b197bf760d99e/mhwombat},
	publisher = {Wiley},
	title = {The organization of behavior: {A} neuropsychological
	theory},
	year = 1949
}

@Article{relu,
	author={Hahnloser, Richard H. R.
	and Sarpeshkar, Rahul
	and Mahowald, Misha A.
	and Douglas, Rodney J.
	and Seung, H. Sebastian},
	title={Digital selection and analogue amplification coexist in a cortex-inspired silicon circuit},
	journal={Nature},
	year={2000},
	month={Jun},
	day={22},
	publisher={Macmillian Magazines Ltd. SN  -},
	volume={405},
	pages={947 EP  -},
	url={http://dx.doi.org/10.1038/35016072}
}

@thesis{dpascualhe,
	author = {Pascual, D.},
	title = {Study of Convolutional Neural Networks using {Keras} Framework},
	submissiondate = {2017},
	url = {http://jderobot.org/Dpascual-tfg},
	type = {End of Degree Project},
	institution = {Universidad Rey Juan Carlos},
}

@thesis{noyaga,
	author = {Oyaga, N.},
	title = {Análisis de Aprendizaje Profundo con la plataforma Caffe},
	submissiondate = {2017},
	url = {http://jderobot.org/Noyaga-tfg},
	type = {End of Degree Project},
	institution = {Universidad Rey Juan Carlos},
}

@thesis{rocapal,
	author = {Calvo, R.},
	title = {Comportamiento sigue persona con visión direccional},
	submissiondate = {2004},
	url = {http://jderobot.org/Rocapal-itis},
	type = {Final Year Project},
	institution = {Universidad Rey Juan Carlos},
}

@thesis{marcospieras,
	author = {Pieras, M.},
	title = {Visual people tracking with deep learning detection and feature tracking},
	submissiondate = {2017},
	url = {http://jderobot.org/Marcospieras-tfm},
	type = {End of Master Project},
	institution = {Universidad Rey Juan Carlos},
}

@misc{activation-maps,
	title  = {Global Average Pooling Layers for Object Localization},
	howpublished = {\url{https://alexisbcook.github.io/2017/global-average-pooling-layers-for-object-localization/}},
	author = "Cook, Alexis"
}

@misc{python,
	title  = {What is {Python}? Executive Summary},
	howpublished = {\url{https://www.python.org/doc/essays/blurb/}},
	author = "python.org"
}

@misc{ros-intro,
	title  = {{What is ROS?}},
	howpublished = {\url{wiki.ros.org/ROS/Introduction}},
	author = "ros.org"
}

@misc{listener-rospy,
	title  = {{Writing a Simple Publisher and Subscriber (Python)}},
	howpublished = {\url{http://wiki.ros.org/ROS/Tutorials/WritingPublisherSubscriber\%28python\%29}},
	author = "ros.org"
}

@misc{openni2-doc,
	title  = {{openni2\_launch (official ROS package page)}},
	howpublished = {\url{http://wiki.ros.org/openni2\_launch}},
	author = "ros.org"
}


@thesis{jmplaza-phd,
	author = {Cañas, José M.},
	title = {Jerarquía Dinámica de Esquemas para la generación de comportamiento autónomo},
	submissiondate = {2003},
	url = {https://gsyc.urjc.es/jmplaza/papers/tesis-65.pdf},
	type = {Ph.D Thesis},
	institution = {Universidad Politécnica de Madrid},
}

@thesis{jde-c,
	author = {Cañas, José M. and Pineda, A. and Barrera P. and Lobato, D.},
	title = {Programación de robots con la plataforma jde.c},
	submissiondate = {2016},
	url = {https://gsyc.urjc.es/jmplaza/papers/jdeprogramacion-2.2.pdf},
	institution = {Universidad Rey Juan Carlos},
}

@misc{image-convolution,
	title  = {{Image Filtering - Machine Learning Guru}},
	howpublished = {\url{http://machinelearninguru.com/computer\_vision/basics/convolution/image\_convolution\_1.html}},
	author = "machinelearningguru.org"
}

@article{boehm-spiral,
	author = {Boehm, B},
	title = {A Spiral Model of Software Development and Enhancement},
	journal = {SIGSOFT Softw. Eng. Notes},
	issue_date = {August 1986},
	volume = {11},
	number = {4},
	month = aug,
	year = {1986},
	issn = {0163-5948},
	pages = {14--24},
	numpages = {11},
	url = {http://doi.acm.org/10.1145/12944.12948},
	doi = {10.1145/12944.12948},
	acmid = {12948},
	publisher = {ACM},
	address = {New York, NY, USA},
}


@misc{spiral-steps,
	title  = {{What is Spiral Model in Software Development Life Cycle?}},
	howpublished = {\url{http://www.professionalqa.com/spiral-model}},
	author = "ProfessionalQA.com"
}
