@misc{chollet2015keras,
	title={Keras},
	author={Chollet, Fran\c{c}ois and others},
	year={2015},
	publisher={GitHub},
	url={https://github.com/fchollet/keras},
	urldate = {2017-05-19}
}
@book{Goodfellow-et-al-2016,
	title={Deep Learning},
	author={Ian Goodfellow and Yoshua Bengio and Aaron Courville},
	publisher={MIT Press},
	url={http://www.deeplearningbook.org},
	year={2016},
	urldate = {2017-06-21}
}
@article{srivastava2014dropout,
	title={Dropout: A simple way to prevent neural networks from overfitting},
	author={Srivastava, Nitish and Hinton, Geoffrey and Krizhevsky, Alex and Sutskever, Ilya and Salakhutdinov, Ruslan},
	journal={The Journal of Machine Learning Research},
	volume={15},
	number={1},
	pages={1929--1958},
	year={2014},
	publisher={JMLR.org},
	url={http://www.jmlr.org/papers/volume15/srivastava14a.old/source/srivastava14a.pdf},
	urldate = {2017-06-10}
}
@article{DBLP:journals/corr/abs-1212-5701,
	author    = {Matthew D. Zeiler},
	title     = {{ADADELTA:} An Adaptive Learning Rate Method},
	journal   = {CoRR},
	volume    = {abs/1212.5701},
	pages     = {1--6},
	year      = {2012},
	url       = {http://arxiv.org/abs/1212.5701},
	urldate   = {2017-06-06},
	timestamp = {Wed, 02 Jan 2013 09:49:04 +0100},
	biburl    = {http://dblp.uni-trier.de/rec/bib/journals/corr/abs-1212-5701},
	bibsource = {dblp computer science bibliography, http://dblp.org}
}
@online{hdf5,
	author = {{The HDF Group}},
	title = {Hierarchical Data Format, version 5},
	year = {1997-2017},
	url = {http://www.hdfgroup.org/HDF5/},
	urldate = {2017-05-22}
}
@article{scikit-learn,
	title={Scikit-learn: Machine Learning in {P}ython},
	author={Pedregosa, F. and Varoquaux, G. and Gramfort, A. and Michel, V.
	and Thirion, B. and Grisel, O. and Blondel, M. and Prettenhofer, P.
	and Weiss, R. and Dubourg, V. and Vanderplas, J. and Passos, A. and
	Cournapeau, D. and Brucher, M. and Perrot, M. and Duchesnay, E.},
	journal={Journal of Machine Learning Research},
	volume={12},
	pages={2825--2830},
	year={2011}
}
@book{sonka1999image,
	title={Image processing, analysis, and machine vision},
	author={Sonka, Milan and Hlavac, Vaclav and Boyle, Roger},
	year={1999},
	publisher={Cengage Learning},
	edition={2nd ed.},
	location={Pacific Grove (CA)}
}
@online{jderobot,
	author = {{JdeRobot developers}},
	title = {JdeRobot - Robotics and Computer Vision Technology that rocks and matters!},
	year = {2017},
	url = {http://jderobot.org/Main_Page},
	urldate = {2017-05-19}
}
@online{cs231n,
	author = {Andrej Karpathy},
	title = {CS231n Convolutional Neural Networks for Visual Recognition},
	year = {2017},
	url = {http://cs231n.github.io/},
	urldate = {2017-05-26}
}
@inbook{scherer2010evaluation,
	author={Scherer, Dominik
	and M{\"u}ller, Andreas
	and Behnke, Sven},
	editor={Diamantaras, Konstantinos
	and Duch, Wlodek
	and Iliadis, Lazaros S.},
	title={Evaluation of Pooling Operations in Convolutional Architectures for Object Recognition},
	bookTitle={Artificial Neural Networks -- ICANN 2010: 20th International Conference, Thessaloniki, Greece, September 15-18, 2010, Proceedings, Part III},
	year={2010},
	publisher={Springer Berlin Heidelberg},
	address={Berlin, Heidelberg},
	pages={92--101},
	url={http://dx.doi.org/10.1007/978-3-642-15825-4_10},
	urldate = {2017-06-10}
}
@article{DBLP:journals/corr/WongGSM16,
	author    = {Sebastien C. Wong and
	Adam Gatt and
	Victor Stamatescu and
	Mark D. McDonnell},
	title     = {Understanding data augmentation for classification: when to warp?},
	journal   = {CoRR},
	volume    = {abs/1609.08764},
	year      = {2016},
	pages     = {1--6},
	url       = {http://arxiv.org/abs/1609.08764},
	urldate   = {2017-06-06},
	timestamp = {Mon, 03 Oct 2016 17:51:10 +0200},
	biburl    = {http://dblp.uni-trier.de/rec/bib/journals/corr/WongGSM16},
	bibsource = {dblp computer science bibliography, http://dblp.org}
}
@online{scikit-doc,
	author = {{Scikit-learn developers}},
	title = {Documentation scikit-learn: machine learning in Python — scikit-learn 0.18.1 documentation},
	year = {2010 - 2016},
	url = {http://scikit-learn.org/stable/documentation.html},
	urldate = {2017-05-20}
}
@book{octave,
	author = {John W. Eaton and David Bateman and S\oren Hauberg and Rik Wehbring},
  	title = {{GNU Octave} version 4.0.0 manual: a high-level interactive language for numerical computations},
  	year = {2015},
  	url = {http://www.gnu.org/software/octave/doc/interpreter},
  	urldate = {2017-05-15}
}
@online{lecun-mnisthandwrittendigit-2010,
	author = {Yann LeCun, Corinna Cortes and Cristopher J.C. Burges},
	url = {http://yann.lecun.com/exdb/mnist/},
	title = {{MNIST} handwritten digit database},
	year = {2013},
	urldate = {2017-06-06}
}
@online{protobuf,
	author = {{Google developers}},
	title = {Protocol Buffer Basics: Python},
	year = {2017},
	url = {https://developers.google.com/protocol-buffers/docs/pythontutorial},
	urldate = {2017-05-29}
}
@article{jia2014caffe,
	author    = {Yangqing Jia and
	Evan Shelhamer and
	Jeff Donahue and
	Sergey Karayev and
	Jonathan Long and
	Ross B. Girshick and
	Sergio Guadarrama and
	Trevor Darrell},
	title     = {Caffe: Convolutional Architecture for Fast Feature Embedding},
	journal   = {CoRR},
	volume    = {abs/1408.5093},
	year      = {2014},
	pages     = {1--2},
	url       = {http://arxiv.org/abs/1408.5093},
	urldate   = {2017-06-10},
	timestamp = {Wed, 07 Jun 2017 14:40:16 +0200},
	biburl    = {http://dblp.uni-trier.de/rec/bib/journals/corr/JiaSDKLGGD14},
	bibsource = {dblp computer science bibliography, http://dblp.org}
}
@online{lmdb_tutorial,
	author = {Chris Choy},
	title = {Reading protobuf DB in Python},
	year = {2015},
	url = {https://chrischoy.github.io/research/reading-protobuf-db-in-python/},
	urldate = {2017-06-06}
}
@online{droidcam,
	author = {DEV47APPS},
	title = {{Dev47Apps}},
	year = {2010-2016},
	url = {http://www.dev47apps.com/},
	urldate = {2017-05-22}
}
@manual{itseez2014theopencv,
	title = {The {OpenCV} Reference Manual},
	author = {Itseez},
	edition = {2.4.9.0},
	year = {2014},
	url = {http://opencv.org/},
	urldate = {2017-05-31}
}
@online{pyqt5,
	title = {PyQt5 Reference Guide},
	author = {{Riverbank Computing Limited}},
	year = {2015},
	url = {http://pyqt.sourceforge.net/Docs/PyQt5/},
	urldate = {2017-06-01}
}
@online{threading,
	title = {16.2. threading — Higher-level threading interface — Python 2.7.13 documentation},
	author = {{Python Software Foundation}},
	year = {1990-2017},
	url = {https://docs.python.org/2.7/library/threading.html},
	urldate = {2017-06-01}
}
@Article{Hunter:2007,
	Author    = {Hunter, J. D.},
	Title     = {Matplotlib: A 2D graphics environment},
	Journal   = {Computing In Science \& Engineering},
	Volume    = {9},
	Number    = {3},
	Pages     = {90--95},
	abstract  = {Matplotlib is a 2D graphics package used for Python
	for application development, interactive scripting, and
	publication-quality image generation across user
	interfaces and operating systems.},
	publisher = {IEEE COMPUTER SOC},
	doi = {10.1109/MCSE.2007.55},
	year      = 2007
}
@online{theano,
	title = {nnet – Ops for neural networks — Theano 0.9.0 documentation},
	author = {{LISA lab}},
	year = {2008-2017},
	url = {http://deeplearning.net/software/theano/library/tensor/nnet/nnet.html},
	urldate = {2017-06-19}
}
@article{mccarthy2006proposal,
	title={A proposal for the dartmouth summer research project on artificial intelligence, august 31, 1955},
	author={McCarthy, John and Minsky, Marvin L and Rochester, Nathaniel and Shannon, Claude E},
	journal={AI magazine},
	volume={27},
	number={4},
	pages={12},
	year={2006}
}
@InCollection{sep-logic-ai,
	author       =	{Thomason, Richmond},
	title        =	{Logic and Artificial Intelligence},
	booktitle    =	{The Stanford Encyclopedia of Philosophy},
	editor       =	{Edward N. Zalta},
	howpublished =	{\url{https://plato.stanford.edu/archives/win2016/entries/logic-ai/}},
	year         =	{2016},
	edition      =	{Winter 2016},
	publisher    =	{Metaphysics Research Lab, Stanford University}
}
@book{Russell:2003:AIM:773294,
	author = {Russell, Stuart J. and Norvig, Peter},
	title = {Artificial Intelligence: A Modern Approach},
	year = {2003},
	edition = {2},
	publisher = {Pearson Education},
} 
@techreport{deep-learning-methods-and-applications,
	author = {Deng, Li and Yu, Dong},
	title = {Deep Learning: Methods and Applications},
	year = {2014},
	month = {May},
	publisher = {NOW Publishers},
	url = {https://www.microsoft.com/en-us/research/publication/deep-learning-methods-and-applications/},
	urldate = {2017-06-20}
}
@online{neural-unit,
	title = {For Dummies — The Introduction to Neural Networks we all need ! (Part 1)},
	author = {Harsh Pokharna},
	year = {2016},
	url = {https://medium.com/technologymadeeasy/for-dummies-the-introduction-to-neural-networks-we-all-need-c50f6012d5eb},
	urldate = {2017-06-20}
}
@article{huang1996computer,
	title={Computer Vision: Evolution and Promise},
	author={Huang, TS},
	journal={CERN European Organization for Nuclear Research-Reports-CERN},
	pages={21--26},
	year={1996}
}
@online{black-box,
	title = {The Dark Secret at the Heart of AI - MIT Technology Review},
	author = {Will Knight},
	year = {2017},
	url = {https://www.technologyreview.com/s/604087/the-dark-secret-at-the-heart-of-ai/},
	urldate = {2017-06-21}
}
@online{fc,
	title = {Convolutional neural networks on the iPhone with VGGNet},
	author = {Matthijs Hollemans},
	year = {2016},
	url = {http://machinethink.net/blog/convolutional-neural-networks-on-the-iphone-with-vggnet/},
	urldate = {2017-06-28}
}
@online{ml-def,
	title = {A machine learning primer},
	author = {Libby Kinsey},
	year = {2016},
	url = {https://medium.com/@libbykinsey/a-machine-learning-primer-6d7b5a96a3b0},
	urldate = {2017-07-07}
}
@online{unsup,
	title = {Supervised and Unsupervised Machine Learning Algorithms},
	author = {Jason Brownlee},
	year = {2016},
	url = {http://machinelearningmastery.com/supervised-and-unsupervised-machine-learning-algorithms/},
	urldate = {2017-07-07}
}
@online{udacity,
	title = {udacity/self-driving-car: The Udacity open source self-driving car project},
	author = {Udacity},
	year = {2017},
	url = {https://github.com/udacity/self-driving-car},
	urldate = {2017-07-07}
}
@article{DBLP:journals/corr/WeiRKS16,
	author    = {Shih{-}En Wei and
	Varun Ramakrishna and
	Takeo Kanade and
	Yaser Sheikh},
	title     = {Convolutional Pose Machines},
	journal   = {CoRR},
	volume    = {abs/1602.00134},
	year      = {2016},
	pages     = {1--2},
	url       = {http://arxiv.org/abs/1602.00134},
	timestamp = {Wed, 07 Jun 2017 14:41:18 +0200},
	biburl    = {http://dblp.uni-trier.de/rec/bib/journals/corr/WeiRKS16},
	bibsource = {dblp computer science bibliography, http://dblp.org},
	urldate = {2017-07-06}
}
@article{DBLP:journals/corr/LopezK17,
	author    = {Marc Moreno Lopez and
	Jugal Kalita},
	title     = {Deep Learning applied to {NLP}},
	journal   = {CoRR},
	volume    = {abs/1703.03091},
	year      = {2017},
	pages     = {1},
	url       = {http://arxiv.org/abs/1703.03091},
	timestamp = {Wed, 07 Jun 2017 14:42:30 +0200},
	biburl    = {http://dblp.uni-trier.de/rec/bib/journals/corr/LopezK17},
	bibsource = {dblp computer science bibliography, http://dblp.org},
	urldate = {2017-07-06}
}
@inproceedings{conf/icassp/Abdel-HamidMJP12,
	added-at = {2013-01-07T00:00:00.000+0100},
	author = {Abdel-Hamid, Ossama and rahman Mohamed, Abdel and Jiang, Hui and Penn, Gerald},
	biburl = {https://www.bibsonomy.org/bibtex/2814b8cc42f6c1e3f4408152d0230110b/dblp},
	booktitle = {ICASSP},
	crossref = {conf/icassp/2012},
	ee = {http://dx.doi.org/10.1109/ICASSP.2012.6288864},
	interhash = {cc6178e550a56e6ea643f3e7469018fe},
	intrahash = {814b8cc42f6c1e3f4408152d0230110b},
	isbn = {978-1-4673-0046-9},
	keywords = {dblp},
	pages = {4277-4280},
	publisher = {IEEE},
	timestamp = {2013-01-08T11:40:46.000+0100},
	title = {Applying Convolutional Neural Networks concepts to hybrid NN-HMM model for speech recognition.},
	url = {http://dblp.uni-trier.de/db/conf/icassp/icassp2012.html#Abdel-HamidMJP12},
	year = {2012},
	urldate = {2017-07-06}
}